<?xml version="1.0" encoding="UTF-8"?><collection xmlns="http://www.loc.gov/MARC21/slim"><record><leader>00626nam--2200193-u-4500</leader><controlfield tag="001">000054459</controlfield><controlfield tag="002">20161230</controlfield><controlfield tag="005">20170116141634</controlfield><controlfield tag="008">111213s1000------------r-----000-0-eng-d</controlfield><datafield ind1=" " ind2=" " tag="020"><subfield code="a">9812700072</subfield></datafield><datafield ind1=" " ind2=" " tag="040"><subfield code="a">IFIN-HH</subfield></datafield><datafield ind1=" " ind2=" " tag="080"><subfield code="a">9812700072</subfield></datafield><datafield ind1="1" ind2=" " tag="100"><subfield code="a">Stoica,S</subfield></datafield><datafield ind1="1" ind2="0" tag="245"><subfield code="a">Exotic Nuclei and Nuclear/Particle Astrophysics</subfield><subfield code="b">Proceedings of the Carpathian School of Physics 2005, Mamaia-Constanta, Romania 13-24 June 2005</subfield><subfield code="c">S. Stoica, L. Trache, R.E. Tribble (eds.)</subfield></datafield><datafield ind1=" " ind2=" " tag="260"><subfield code="a">New Jersey</subfield><subfield code="b">World Scientific</subfield><subfield code="c">2006</subfield></datafield><datafield ind1=" " ind2=" " tag="300"><subfield code="a">484P</subfield></datafield><datafield ind1="1" ind2=" " tag="700"><subfield code="a">Tribble, R.E</subfield><subfield code="e">Ed</subfield></datafield><datafield ind1=" " ind2=" " tag="852"><subfield code="a">82235</subfield><subfield code="c">523</subfield></datafield><datafield ind1=" " ind2=" " tag="CAT"><subfield code="a">SYS</subfield><subfield code="c">20170116</subfield><subfield code="h">141634</subfield></datafield></record></collection>